@book{GelmanHill:2007,
  address = {New York},
  author = {Gelman, Andrew and Hill, Jennifer},
  title = {Data Analysis Using Regression and Multilevel/Hierarchical Models},
  publisher = {Cambridge University Press},
  year = 2007
}
